<record><leader>00000cas a22000007a 4500</leader><controlfield tag="001">15131766</controlfield><controlfield tag="008">870130d190819uutxuwr ne      0    0eng d</controlfield><datafield ind1=" " ind2=" " tag="010"><subfield code="a">sn 86090635 </subfield></datafield><datafield ind1=" " ind2=" " tag="040"><subfield code="a">PPM</subfield><subfield code="b">eng</subfield><subfield code="c">PPM</subfield><subfield code="d">OCLCQ</subfield></datafield><datafield ind1=" " ind2=" " tag="042"><subfield code="a">msc</subfield></datafield><datafield ind1="0" ind2="4" tag="245"><subfield code="a">The Vernon weekly record.</subfield></datafield><datafield ind1=" " ind2=" " tag="260"><subfield code="a">Vernon, Tex. :</subfield><subfield code="b">R.H. Nichols</subfield></datafield><datafield ind1=" " ind2=" " tag="310"><subfield code="a">Weekly</subfield></datafield><datafield ind1="1" ind2=" " tag="362"><subfield code="a">Began in 1908?</subfield></datafield><datafield ind1=" " ind2=" " tag="588"><subfield code="a">Description based on: Vol. 17, no. 43 (Nov. 5, 1925).</subfield></datafield><datafield ind1=" " ind2=" " tag="752"><subfield code="a">United States</subfield><subfield code="b">Texas</subfield><subfield code="c">Wilbarger</subfield><subfield code="d">Vernon.</subfield></datafield><datafield ind1="0" ind2=" " tag="775"><subfield code="t">Vernon record</subfield><subfield code="w">(DLC)sn 86064241</subfield></datafield><datafield ind1="0" ind2=" " tag="775"><subfield code="t">Vernon daily record</subfield><subfield code="w">(DLC)sn 86090400</subfield></datafield></record>